<?xml version="1.0" encoding="UTF-8"?><collection xmlns="http://www.loc.gov/MARC21/slim"><record><leader>00351nam--2200133-i-4500</leader><controlfield tag="001">000048465</controlfield><controlfield tag="002">20161230</controlfield><controlfield tag="005">20161230201047</controlfield><controlfield tag="008">060222s1000------------r-----000-0-eng-d</controlfield><datafield ind1=" " ind2=" " tag="080"><subfield code="a">681.325:681.5</subfield></datafield><datafield ind1=" " ind2=" " tag="245"><subfield code="a">Avtomatizacia proektirovaniia cifrovyh ustroistv</subfield></datafield><datafield ind1=" " ind2=" " tag="260"><subfield code="a">Leningrad, Izd.Sudostroenie, 1979. 264 P</subfield></datafield><datafield ind1=" " ind2=" " tag="700"><subfield code="a">S.I.Baranov</subfield></datafield><datafield ind1=" " ind2=" " tag="852"><subfield code="a">48710</subfield></datafield></record></collection>